[gd_scene load_steps=15 format=2]

[ext_resource path="res://assets/image/ic_level.png" type="Texture" id=1]
[ext_resource path="res://assets/font/Nunito-Black.ttf" type="DynamicFontData" id=2]
[ext_resource path="res://assets/image/ic_score.png" type="Texture" id=3]
[ext_resource path="res://assets/image/bg/bg_header.png" type="Texture" id=7]
[ext_resource path="res://assets/image/bg_progress.png" type="Texture" id=8]
[ext_resource path="res://assets/image/button/btn_back.png" type="Texture" id=9]
[ext_resource path="res://assets/image/button/btn_spin.png" type="Texture" id=10]
[ext_resource path="res://assets/image/placeholder.png" type="Texture" id=11]
[ext_resource path="res://script/GUI.gd" type="Script" id=12]
[ext_resource path="res://assets/image/fg_progress.png" type="Texture" id=15]

[sub_resource type="DynamicFont" id=1]
size = 35
use_mipmaps = true
use_filter = true
extra_spacing_top = 2
font_data = ExtResource( 2 )

[sub_resource type="DynamicFont" id=2]
size = 46
outline_color = Color( 1, 1, 1, 0.392157 )
use_mipmaps = true
use_filter = true
font_data = ExtResource( 2 )

[sub_resource type="DynamicFont" id=3]
size = 38
use_mipmaps = true
use_filter = true
font_data = ExtResource( 2 )

[sub_resource type="DynamicFont" id=4]
size = 60
use_mipmaps = true
use_filter = true
extra_spacing_top = 14
font_data = ExtResource( 2 )

[node name="GUI" type="Control"]
anchor_right = 1.0
anchor_bottom = 1.0
margin_left = -0.452637
margin_right = -0.452637
mouse_filter = 2
script = ExtResource( 12 )
__meta__ = {
"_edit_use_anchors_": false
}

[node name="Header" type="Control" parent="."]
anchor_right = 1.0
margin_right = 6.10352e-05
margin_bottom = 93.0
mouse_filter = 2
__meta__ = {
"_edit_use_anchors_": false
}

[node name="BgHeader" type="NinePatchRect" parent="Header"]
anchor_right = 1.0
margin_bottom = 93.0
rect_min_size = Vector2( 720, 93 )
texture = ExtResource( 7 )
region_rect = Rect2( 0, 0, 720, 92 )
__meta__ = {
"_edit_use_anchors_": false
}

[node name="Level" type="Control" parent="Header"]
anchor_left = 6.62274e-10
anchor_top = 1.37634
anchor_right = 6.62274e-10
anchor_bottom = 1.37634
margin_left = -16.0
margin_right = 334.0
margin_bottom = 93.0
__meta__ = {
"_edit_group_": true,
"_edit_use_anchors_": false
}

[node name="ProgressBg" type="NinePatchRect" parent="Header/Level"]
anchor_top = 0.5
anchor_right = 1.0
anchor_bottom = 0.5
margin_top = -46.5
margin_bottom = 46.5
rect_min_size = Vector2( 93, 93 )
texture = ExtResource( 8 )
region_rect = Rect2( 0, 0, 93, 93 )
patch_margin_left = 48
patch_margin_top = 46
patch_margin_right = 45
patch_margin_bottom = 47
__meta__ = {
"_edit_use_anchors_": false,
"_editor_description_": ""
}

[node name="ProgressFg" type="NinePatchRect" parent="Header/Level/ProgressBg"]
anchor_top = 0.5
anchor_right = 1.0
anchor_bottom = 0.5
margin_top = -46.5
margin_bottom = 46.5
rect_min_size = Vector2( 38, 93 )
texture = ExtResource( 15 )
region_rect = Rect2( 0, 0, 38, 93 )
patch_margin_left = 19
patch_margin_top = 46
patch_margin_right = 19
patch_margin_bottom = 47
__meta__ = {
"_edit_use_anchors_": false
}

[node name="Label" type="Label" parent="Header/Level"]
anchor_top = 0.5
anchor_right = 0.845714
anchor_bottom = 0.5
margin_top = -25.5
margin_bottom = 25.5
custom_fonts/font = SubResource( 1 )
custom_constants/shadow_offset_x = 2
custom_constants/shadow_offset_y = 2
text = "$ 500 / 3900"
align = 1
valign = 1
__meta__ = {
"_edit_use_anchors_": true,
"_editor_description_": ""
}

[node name="IcLevel" type="TextureRect" parent="Header/Level"]
anchor_left = 1.0
anchor_top = 0.5
anchor_right = 1.0
anchor_bottom = 0.5
margin_left = -81.0
margin_top = -37.5
margin_right = -8.0
margin_bottom = 37.5
texture = ExtResource( 1 )
__meta__ = {
"_edit_group_": true,
"_edit_use_anchors_": false
}

[node name="Label" type="Label" parent="Header/Level/IcLevel"]
anchor_right = 1.0
anchor_bottom = 1.0
custom_fonts/font = SubResource( 2 )
custom_colors/font_color = Color( 0, 0, 0, 1 )
custom_constants/shadow_offset_x = 2
custom_constants/shadow_offset_y = 2
text = "5"
align = 1
valign = 1
uppercase = true
__meta__ = {
"_edit_use_anchors_": false
}

[node name="BtnGift" type="Button" parent="Header"]
visible = false
anchor_left = 0.5
anchor_right = 0.5
margin_left = -133.0
margin_right = 134.0
margin_bottom = 101.0
focus_mode = 0
shortcut_in_tooltip = false
enabled_focus_mode = 0
flat = true
__meta__ = {
"_edit_group_": true,
"_edit_use_anchors_": false
}

[node name="TextureRect" type="TextureRect" parent="Header/BtnGift"]
anchor_left = 0.5
anchor_right = 0.5
margin_left = -131.0
margin_right = 131.0
margin_bottom = 98.0
mouse_filter = 2
texture = ExtResource( 11 )

[node name="Score" type="Control" parent="Header"]
anchor_left = 1.0
anchor_top = 1.37634
anchor_right = 1.0
anchor_bottom = 1.37634
margin_left = -334.0
margin_right = 16.0
margin_bottom = 93.0
__meta__ = {
"_edit_group_": true,
"_edit_use_anchors_": false
}

[node name="ScoreBg" type="NinePatchRect" parent="Header/Score"]
anchor_top = 0.5
anchor_right = 1.0
anchor_bottom = 0.5
margin_top = -46.5
margin_bottom = 46.5
rect_min_size = Vector2( 74, 64 )
texture = ExtResource( 8 )
region_rect = Rect2( 0, 0, 93, 93 )
patch_margin_left = 47
patch_margin_top = 44
patch_margin_right = 46
patch_margin_bottom = 49
__meta__ = {
"_edit_use_anchors_": false
}

[node name="Label" type="Label" parent="Header/Score"]
anchor_left = 0.14
anchor_top = 0.5
anchor_right = 1.0
anchor_bottom = 0.5
margin_top = -25.5
margin_bottom = 25.5
custom_fonts/font = SubResource( 1 )
custom_constants/shadow_offset_x = 2
custom_constants/shadow_offset_y = 2
text = "$ 99999"
align = 1
valign = 1
__meta__ = {
"_edit_use_anchors_": true
}

[node name="Ic" type="TextureRect" parent="Header/Score"]
anchor_top = 0.5
anchor_bottom = 0.5
margin_left = -11.0
margin_top = -51.5
margin_right = 107.0
margin_bottom = 51.5
texture = ExtResource( 3 )
__meta__ = {
"_edit_use_anchors_": false
}

[node name="BtnBack" type="Button" parent="Header"]
anchor_left = 0.5
anchor_right = 0.5
margin_left = -105.0
margin_top = 10.0
margin_right = 105.0
margin_bottom = 83.0
focus_mode = 0
shortcut_in_tooltip = false
enabled_focus_mode = 0
flat = true
__meta__ = {
"_edit_group_": true,
"_edit_use_anchors_": false
}

[node name="TextureRect" type="TextureRect" parent="Header/BtnBack"]
anchor_left = 0.5
anchor_top = 0.5
anchor_right = 0.5
anchor_bottom = 0.5
margin_left = -105.0
margin_top = -36.0
margin_right = 105.0
margin_bottom = 36.0
mouse_filter = 2
texture = ExtResource( 9 )
__meta__ = {
"_edit_use_anchors_": false
}

[node name="Footer" type="Control" parent="."]
anchor_top = 1.0
anchor_right = 1.0
anchor_bottom = 1.0
margin_top = -418.0
mouse_filter = 2
__meta__ = {
"_edit_use_anchors_": false
}

[node name="BgWin" type="TextureRect" parent="Footer"]
visible = false
anchor_left = 0.5
anchor_top = 0.121622
anchor_right = 0.5
anchor_bottom = 0.121622
margin_left = -195.0
margin_top = -56.0
margin_right = 195.0
margin_bottom = 16.0
texture = ExtResource( 11 )
__meta__ = {
"_edit_use_anchors_": false
}

[node name="ScoreWin" type="Label" parent="Footer/BgWin"]
anchor_left = 0.374359
anchor_top = 0.472222
anchor_right = 0.969231
anchor_bottom = 0.472222
margin_top = -28.0
margin_bottom = 28.0
custom_fonts/font = SubResource( 3 )
text = "$ 0.25"
align = 1
valign = 1
__meta__ = {
"_edit_use_anchors_": true,
"_editor_description_": ""
}

[node name="BgFooter" type="NinePatchRect" parent="Footer"]
visible = false
anchor_top = 1.0
anchor_right = 1.0
anchor_bottom = 1.0
margin_top = -121.0
margin_right = 6.10352e-05
rect_min_size = Vector2( 720, 121 )
texture = ExtResource( 11 )
region_rect = Rect2( 0, 0, 30, 30 )
__meta__ = {
"_edit_use_anchors_": false
}

[node name="AutoSpinProgress" type="Control" parent="Footer"]
anchor_left = 0.5
anchor_top = 1.0
anchor_right = 0.5
anchor_bottom = 1.0
margin_left = -250.0
margin_top = 52.0
margin_right = 250.0
margin_bottom = 145.0
__meta__ = {
"_edit_group_": true,
"_edit_use_anchors_": false
}

[node name="ProgressBg" type="NinePatchRect" parent="Footer/AutoSpinProgress"]
anchor_top = 0.5
anchor_right = 1.0
anchor_bottom = 0.5
margin_top = -46.5
margin_bottom = 46.5
rect_min_size = Vector2( 93, 93 )
texture = ExtResource( 8 )
region_rect = Rect2( 0, 0, 93, 93 )
patch_margin_left = 38
patch_margin_top = 43
patch_margin_right = 55
patch_margin_bottom = 50
__meta__ = {
"_edit_use_anchors_": false
}

[node name="ProgressFg" type="NinePatchRect" parent="Footer/AutoSpinProgress/ProgressBg"]
anchor_top = 0.5
anchor_right = 1.0
anchor_bottom = 0.5
margin_top = -46.5
margin_bottom = 46.5
rect_min_size = Vector2( 38, 93 )
texture = ExtResource( 15 )
region_rect = Rect2( 0, 0, 38, 93 )
patch_margin_left = 19
patch_margin_top = 63
patch_margin_right = 19
patch_margin_bottom = 30
__meta__ = {
"_edit_use_anchors_": false
}

[node name="Label" type="Label" parent="Footer/AutoSpinProgress/ProgressBg"]
anchor_top = 0.5
anchor_right = 1.0
anchor_bottom = 0.5
margin_top = -32.0
margin_bottom = 32.0
custom_fonts/font = SubResource( 2 )
text = "1 / 10"
align = 1
valign = 1
uppercase = true
__meta__ = {
"_edit_use_anchors_": false
}

[node name="BtnMaxBet" type="Button" parent="Footer"]
visible = false
anchor_left = 0.5
anchor_top = 1.0
anchor_right = 0.5
anchor_bottom = 1.0
margin_left = 116.0
margin_top = -296.0
margin_right = 316.0
margin_bottom = -96.0
focus_mode = 0
shortcut_in_tooltip = false
enabled_focus_mode = 0
flat = true
__meta__ = {
"_edit_group_": true,
"_edit_use_anchors_": false
}

[node name="TextureRect" type="TextureRect" parent="Footer/BtnMaxBet"]
anchor_left = 0.5
anchor_top = 0.5
anchor_right = 0.5
anchor_bottom = 0.5
margin_left = -107.5
margin_top = -107.5
margin_right = 107.5
margin_bottom = 107.5
mouse_filter = 2
texture = ExtResource( 11 )
__meta__ = {
"_edit_use_anchors_": false
}

[node name="BtnSpin" type="Button" parent="Footer"]
anchor_left = 0.5
anchor_top = 1.0
anchor_right = 0.5
anchor_bottom = 1.0
margin_left = -259.0
margin_top = -285.0
margin_right = 259.0
margin_bottom = -136.0
focus_mode = 0
shortcut_in_tooltip = false
enabled_focus_mode = 0
flat = true
__meta__ = {
"_edit_group_": true,
"_edit_use_anchors_": false
}

[node name="TextureRect" type="TextureRect" parent="Footer/BtnSpin"]
anchor_left = 0.5
anchor_top = 0.5
anchor_right = 0.5
anchor_bottom = 0.5
margin_left = -250.0
margin_top = -70.0
margin_right = 250.0
margin_bottom = 70.0
mouse_filter = 2
texture = ExtResource( 10 )
__meta__ = {
"_edit_use_anchors_": false
}

[node name="BtnAutoSpin" type="Button" parent="Footer"]
visible = false
anchor_left = 0.5
anchor_top = 1.0
anchor_right = 0.5
anchor_bottom = 1.0
margin_left = -316.0
margin_top = -296.0
margin_right = -116.0
margin_bottom = -96.0
focus_mode = 0
shortcut_in_tooltip = false
enabled_focus_mode = 0
flat = true
__meta__ = {
"_edit_group_": true,
"_edit_use_anchors_": false
}

[node name="TextureRect" type="TextureRect" parent="Footer/BtnAutoSpin"]
anchor_left = 0.5
anchor_top = 0.5
anchor_right = 0.5
anchor_bottom = 0.5
margin_left = -107.5
margin_top = -107.5
margin_right = 107.5
margin_bottom = 107.5
mouse_filter = 2
texture = ExtResource( 11 )
__meta__ = {
"_edit_use_anchors_": false
}

[node name="Bet" type="Control" parent="Footer"]
visible = false
anchor_left = 0.5
anchor_top = 1.0
anchor_right = 0.5
anchor_bottom = 1.0
margin_left = -206.0
margin_top = -105.0
margin_right = 206.0
margin_bottom = -19.0
mouse_filter = 2
__meta__ = {
"_edit_group_": true,
"_edit_use_anchors_": false
}

[node name="BgBet" type="TextureRect" parent="Footer/Bet"]
anchor_left = 0.5
anchor_top = 1.0
anchor_right = 0.5
anchor_bottom = 1.0
margin_left = -204.5
margin_top = -95.0
margin_right = 204.5
margin_bottom = -2.0
mouse_filter = 2
texture = ExtResource( 11 )
__meta__ = {
"_edit_use_anchors_": false
}

[node name="BtnMinus" type="Button" parent="Footer/Bet"]
anchor_top = 0.5
anchor_bottom = 0.5
margin_left = -1.0
margin_top = -45.0
margin_right = 89.0
margin_bottom = 45.0
focus_mode = 0
shortcut_in_tooltip = false
enabled_focus_mode = 0
flat = true
__meta__ = {
"_edit_group_": true,
"_edit_use_anchors_": false
}

[node name="TextureRect" type="TextureRect" parent="Footer/Bet/BtnMinus"]
anchor_left = 0.5
anchor_top = 0.5
anchor_right = 0.5
anchor_bottom = 0.5
margin_left = -44.0
margin_top = -44.0
margin_right = 44.0
margin_bottom = 44.0
mouse_filter = 2
texture = ExtResource( 11 )

[node name="BtnPlus" type="Button" parent="Footer/Bet"]
anchor_left = 1.0
anchor_top = 0.5
anchor_right = 1.0
anchor_bottom = 0.5
margin_left = -89.0
margin_top = -45.0
margin_right = 1.0
margin_bottom = 45.0
focus_mode = 0
shortcut_in_tooltip = false
enabled_focus_mode = 0
flat = true
__meta__ = {
"_edit_group_": true,
"_edit_use_anchors_": false
}

[node name="TextureRect" type="TextureRect" parent="Footer/Bet/BtnPlus"]
anchor_left = 0.5
anchor_top = 0.5
anchor_right = 0.5
anchor_bottom = 0.5
margin_left = -44.0
margin_top = -44.0
margin_right = 44.0
margin_bottom = 44.0
mouse_filter = 2
texture = ExtResource( 11 )

[node name="Label" type="Label" parent="Footer/Bet"]
anchor_right = 1.0
anchor_bottom = 1.0
custom_fonts/font = SubResource( 4 )
text = "$ 0.25"
align = 1
valign = 1
__meta__ = {
"_edit_use_anchors_": false
}

[node name="Tween" type="Tween" parent="."]

[node name="TimerSpinLongPress" type="Timer" parent="."]
one_shot = true
[connection signal="pressed" from="Header/BtnGift" to="." method="_on_BtnGift_pressed"]
[connection signal="pressed" from="Header/BtnBack" to="." method="_on_BtnBack_pressed"]
[connection signal="pressed" from="Footer/BtnMaxBet" to="." method="_on_BtnMaxBet_pressed"]
[connection signal="button_down" from="Footer/BtnSpin" to="." method="_on_BtnSpin_button_down"]
[connection signal="button_up" from="Footer/BtnSpin" to="." method="_on_BtnSpin_button_up"]
[connection signal="pressed" from="Footer/BtnAutoSpin" to="." method="_on_BtnAutoSpin_pressed"]
[connection signal="pressed" from="Footer/Bet/BtnMinus" to="." method="_on_BtnMinus_pressed"]
[connection signal="pressed" from="Footer/Bet/BtnPlus" to="." method="_on_BtnPlus_pressed"]
[connection signal="timeout" from="TimerSpinLongPress" to="." method="_on_Timer_timeout"]
